@booklet{Jensen,
  title        = {Computational Physics: 
Lecture Notes Fall 2015},
  author       = {Morten Hjorth-Jensen}, 

  address      = {Department of Physics, University of Oslo},
  month        = 8,
  year         = 2015,
  note         = {Chapter 2 and 6}
}

@misc{nasa,
  title = {Solar System Dynamics},
  howpublished = {\url{https://ssd.jpl.nasa.gov/horizons.cgi#top}},
  note = {Accessed: 2017-10-28}
}

@article{Onsager,
  title = {Crystal Statistics. I. A Two-Dimensional Model with an Order-Disorder Transition},
  author = {Onsager, Lars},
  journal = {Phys. Rev.},
  volume = {65},
  issue = {3-4},
  pages = {117--149},
  numpages = {0},
  year = {1944},
  month = {Feb},
  publisher = {American Physical Society},
  doi = {10.1103/PhysRev.65.117},
  url = {https://link.aps.org/doi/10.1103/PhysRev.65.117}
}
