@booklet{Jensen,
  title        = {Computational Physics: 
Lecture Notes Fall 2015},
  author       = {Morten Hjorth-Jensen}, 

  address      = {Department of Physics, University of Oslo},
  month        = 8,
  year         = 2015,
  note         = {Chapter 12 and 13}
}

@misc{nasa,
  title = {Solar System Dynamics},
  howpublished = {\url{https://ssd.jpl.nasa.gov/horizons.cgi#top}},
  note = {Accessed: 2017-10-28}
}

